% cofree comonad
@misc{kmettfree,
  title={free: Monads for free},
  howpublished={\url{https://hackage.haskell.org/package/free-5.1.7}},
  note = {Accessed: 2022-01-12}
}

@book{mcbrideaccidental,
  title={Perhaps Not The Answer You Were Expecting But You Asked For It (An Accidental Blook)},
  author={Conor McBride},
  date={October 23, 2019}
}

@misc{kmett2008cofree,
  title={The Cofree comonad and the expression problem},
  author={Kmett, Edward},
  howpublished={\url{http://comonad.com/reader/2008/the-cofree-comonad-and-the-expression-problem/}},
  note = {Accessed: 2022-01-12},
  year={2008}
}

@misc{freeman2017declarative,
  title={Declarative UIs are the Futureâ€”And the Future is Comonadic!},
  author={Freeman, Phil},
  year={2017}
}

% existential quantification
@phdthesis{perry1991implementation,
  title={The implementation of practical functional programming languages},
  author={Perry, Nigel},
  year={1991},
  school={Citeseer}
}

@article{yoneda1960ext,
  title={On Ext and exact sequences},
  author={Yoneda, Nobuo},
  journal={J. Fac. Sci. Univ. Tokyo Sect. I},
  volume={8},
  number={507-576},
  pages={1960},
  year={1960}
}

@article{laufer1994polymorphic,
  title={Polymorphic type inference and abstract data types},
  author={L{\"a}ufer, Konstantin and Odersky, Martin},
  journal={ACM Transactions on Programming Languages and Systems (TOPLAS)},
  volume={16},
  number={5},
  pages={1411--1430},
  year={1994},
  publisher={ACM New York, NY, USA}
}

% substructural types

@article{walker2005substructural,
  title={Substructural type systems},
  author={Walker, David},
  journal={Advanced topics in types and programming languages},
  pages={3--44},
  year={2005},
  publisher={The MIT Press}
}

@article{gan2015type,
  title={Type classes for lightweight substructural types},
  author={Gan, Edward and Tov, Jesse A and Morrisett, Greg},
  journal={arXiv preprint arXiv:1502.04772},
  year={2015}
}

@misc{borrowchecker,
  title = {References and Borrowing},
  howpublished = {\url{https://doc.rust-lang.org/book/ch04-02-references-and-borrowing.html}},
  note = {Accessed: 2022-01-12}
}

% indexed types

@article{zenger1997indexed,
  title={Indexed types},
  author={Zenger, Christoph},
  journal={Theoretical computer science},
  volume={187},
  number={1-2},
  pages={147--165},
  year={1997},
  publisher={Elsevier}
}

% cpass

@article{sussman14ai,
  title={AI Memo No. 349 December 1975},
  author={Sussman, Gerald Jay and Steele Jr, Guy Lewis},
  journal={contract},
  volume={14},
  number={75-C},
  pages={0643}
}